@article{wang16,
title = "A review of road extraction from remote sensing images ",
journal = "Journal of Traffic and Transportation Engineering (English Edition) ",
volume = "3",
number = "3",
pages = "271 - 282",
year = "2016",
note = "",
issn = "2095-7564",
doi = "http://dx.doi.org/10.1016/j.jtte.2016.05.005",
url = "http://www.sciencedirect.com/science/article/pii/S2095756416301076",
author = "Weixing Wang and Nan Yang and Yi Zhang and Fengping Wang and Ting Cao and Patrik Eklund",
keywords = "Remote sensing image",
keywords = "Road extraction",
keywords = "Road feature",
keywords = "Classification "
}

@misc{cs231,
  title = {CS231n: Convolutional Neural Networks for Visual Recognition},
  howpublished = {http://cs231n.github.io/neural-networks-3/}},
  note = {Accessed: 2016-12-22}
}



